@article{straightthrough,
  title={Estimating or Propagating Gradients Through Stochastic Neurons for Conditional Computation},
  author={Bengio, Yoshua and L{\'e}onard, Nicholas and Courville, Aaron},
  journal={arXiv preprint arXiv:1308.3432},
  year={2013}
}

@article{gradientneuron,
  title={Training Deep Neural Networks with Low Precision Multiplications},
  author={Courbariaux, Matthieu and Bengio, Yoshua and David, Jean-Pierre},
  journal={arXiv preprint arXiv:1412.7024},
  year={2014}
}

@inproceedings{softquant,
  title={SoftQuantization: Neural Network Quantization with Adaptive Floating-Point Representation},
  author={Wu, Shien and Li, Gangyi and Chen, Fei and Shi, Liang},
  booktitle={International Conference on Learning Representations},
  year={2020}
}

@inproceedings{codebookcollapse,
  title={Understanding and Preventing Codebook Collapse in Vector Quantized Networks},
  author={Kim, Hyunjik and Mnih, Andriy},
  booktitle={International Conference on Learning Representations},
  year={2021}
}

@article{codebookutilization,
  title={Improved Vector Quantized Variational Autoencoders for Text-to-Image Synthesis},
  author={Gu, Shuyang and Chen, Dong and Bao, Jianmin and Wen, Fang and Zhao, Houqiang and Li, Bo and Gao, Ping and Zhang, Baining},
  journal={Proceedings of the IEEE/CVF Conference on Computer Vision and Pattern Recognition},
  pages={10369--10378},
  year={2022}
}

@inproceedings{adaptivecodebook,
  title={Adaptive Codebook Vector Quantization for Learning Discrete Representations},
  author={Wang, Wentao and Zhang, Yizhou and Qin, Tong and Liu, Tie-Yan},
  booktitle={International Conference on Learning Representations},
  year={2022}
}

@article{dynamiccodebook,
  title={Learning Dynamic Codebooks for Vector Quantization},
  author={Zhou, Kaiyang and Yang, Jingkang and Loy, Chen Change and Liu, Ziwei},
  journal={arXiv preprint arXiv:2202.05129},
  year={2022}
}

@inproceedings{vqgan,
  title={Taming Transformers for High-Resolution Image Synthesis},
  author={Esser, Patrick and Rombach, Robin and Ommer, Bjorn},
  booktitle={Proceedings of the IEEE/CVF Conference on Computer Vision and Pattern Recognition},
  pages={12873--12883},
  year={2021}
}

@article{vqvae,
  title={Neural Discrete Representation Learning},
  author={van den Oord, Aaron and Vinyals, Oriol and Kavukcuoglu, Koray},
  journal={Advances in Neural Information Processing Systems},
  volume={30},
  year={2017}
}

@inproceedings{dalle,
  title={Zero-Shot Text-to-Image Generation},
  author={Ramesh, Aditya and Pavlov, Mikhail and Goh, Gabriel and Gray, Scott and Voss, Chelsea and Radford, Alec and Chen, Mark and Sutskever, Ilya},
  booktitle={Proceedings of the 38th International Conference on Machine Learning},
  pages={8821--8831},
  year={2021}
}

@article{generativepretraining,
  title={Improving Language Understanding by Generative Pre-Training},
  author={Radford, Alec and Narasimhan, Karthik and Salimans, Tim and Sutskever, Ilya},
  journal={OpenAI Blog},
  year={2018}
}

@article{quantizationaware,
  title={Quantization Aware Training: Perspectives and Approaches},
  author={Nagel, Markus and Baalen, Mart van and Blankevoort, Tijmen and Welling, Max},
  journal={arXiv preprint arXiv:2109.12292},
  year={2021}
}

@inproceedings{dall_e,
  title={Zero-Shot Text-to-Image Generation},
  author={Ramesh, Aditya and Pavlov, Mikhail and Goh, Gabriel and Gray, Scott and Voss, Chelsea and Radford, Alec and Chen, Mark and Sutskever, Ilya},
  booktitle={Proceedings of the 38th International Conference on Machine Learning},
  pages={8821--8831},
  year={2021}
} 